<?xml version="1.0" encoding="utf-8"?>
<record xmlns="http://www.loc.gov/MARC21/slim" xmlns:xsi="http://www.w3.org/2001/XMLSchema-instance" xsi:schemaLocation="http://www.loc.gov/MARC21/slim http://www.loc.gov/standards/marcxml/schema/MARC21slim.xsd">
	<leader>
		01943nam a2200361   4500
	</leader>
	<controlfield tag="001">
		002657162
	</controlfield>
	<controlfield tag="003">
		NNU
	</controlfield>
	<controlfield tag="006">
		m        d        
	</controlfield>
	<controlfield tag="007">
		cr cn |||m|||a
	</controlfield>
	<controlfield tag="008">
		160201s1953    tu b    o     000 0 ara  
	</controlfield>
	<datafield ind1=" " ind2=" " tag="040">
		<subfield code="a">
			NNU
		</subfield>
		<subfield code="b">
			eng
		</subfield>
		<subfield code="c">
			NNU
		</subfield>
	</datafield>
	<datafield ind1="0" ind2=" " tag="050">
		<subfield code="a">
			B751.A35
		</subfield>
		<subfield code="b">
			U4
		</subfield>
	</datafield>
	<datafield ind1="0" ind2=" " tag="100">
		<subfield code="a">
			Avicenna,
		</subfield>
		<subfield code="d">
			980-1037.
		</subfield>
	</datafield>
	<datafield ind1="1" ind2="0" tag="245">
		<subfield code="a">
			Ibn Sina risâleleri
		</subfield>
		<subfield code="h">
			[electronic resource] :
		</subfield>
		<subfield code="b">
			Les opuscules d'Ibn Sina.
		</subfield>
		<subfield code="c">
			Publiés sous la direction de Hilmi Ziya Ülken.
		</subfield>
	</datafield>
	<datafield ind1=" " ind2=" " tag="260">
		<subfield code="a">
			Ankara,
		</subfield>
		<subfield code="b">
			Türk Tarih Kurumu Basımevi,
		</subfield>
		<subfield code="c">
			1953.
		</subfield>
	</datafield>
	<datafield ind1=" " ind2=" " tag="300">
		<subfield code="a">
			online resource (3 v.) :
		</subfield>
		<subfield code="b">
			facsims.
		</subfield>
	</datafield>
	<datafield ind1="1" ind2=" " tag="490">
		<subfield code="a">
			İstanbul Üniversitesi Edebiyat Fakültesi yayınları,
		</subfield>
		<subfield code="v">
			no. 552.
		</subfield>
	</datafield>
	<datafield ind1=" " ind2=" " tag="500">
		<subfield code="a">
			Added t.p.: Rasāʼil Ibn Sīnā.
		</subfield>
	</datafield>
	<datafield ind1=" " ind2=" " tag="500">
		<subfield code="a">
			Vol 3 has title: İbn Sīna. Risâleler.
		</subfield>
	</datafield>
	<datafield ind1=" " ind2=" " tag="500">
		<subfield code="a">
			Vols. 2-3 have imprint: İstanbul, Horoz Basımevi.
		</subfield>
	</datafield>
	<datafield ind1=" " ind2=" " tag="500">
		<subfield code="a">
			In Arabic.
		</subfield>
	</datafield>
	<datafield ind1=" " ind2=" " tag="500">
		<subfield code="a">
			Part of the Arabic Collections Online (ACO) project, contributed by New York Univeristy Libraries.
		</subfield>
	</datafield>
	<datafield ind1="0" ind2=" " tag="505">
		<subfield code="a">
			1. Uyun al-hikma, et l'opuscule d'Abu'l Faraj et la réfutation d'Ibn Sina, édité et annoté par H. Z. Ülken.--2. Les opuscules d'Ibn Sina, et Le livre de la différence entre le esprit et l'âme, par Qosta b. Luqa; edité, étudié et onnoté [sic] par H. Z. Ülken.--3. Aşkin mâhiyeti hakkında risâle, neşredin ve Türkçeye çeviren A. Ateş.
		</subfield>
	</datafield>
	<datafield ind1=" " ind2=" " tag="533">
		<subfield code="a">
			Electronic reproduction.
		</subfield>
		<subfield code="b">
			New York, N.Y. :
		</subfield>
		<subfield code="c">
			New York University,
		</subfield>
		<subfield code="d">
			2016.
		</subfield>
		<subfield code="5">
			NNU
		</subfield>
	</datafield>
	<datafield ind1="2" ind2=" " tag="710">
		<subfield code="a">
			New York University.
		</subfield>
		<subfield code="b">
			Libraries.
		</subfield>
	</datafield>
	<datafield ind1="0" ind2=" " tag="730">
		<subfield code="a">
			Arabic Collections Online.
		</subfield>
	</datafield>
	<datafield ind1="4" ind2=" " tag="740">
		<subfield code="a">
			Les opuscules d'Ibn Sina.
		</subfield>
	</datafield>
	<datafield ind1="0" ind2=" " tag="740">
		<subfield code="a">
			Rasāʼil Ibn Sīnā.
		</subfield>
	</datafield>
	<datafield ind1="0" ind2="8" tag="776">
		<subfield code="i">
			Print version:
		</subfield>
		<subfield code="a">
			Avicenna, 980-1037.
		</subfield>
		<subfield code="t">
			Ibn Sina risâleleri
		</subfield>
		<subfield code="w">
			(NNU)002657162
		</subfield>
		<subfield code="w">
			(DLC)ne 62000491
		</subfield>
	</datafield>
	<datafield ind1=" " ind2="0" tag="830">
		<subfield code="a">
			İstanbul Üniversitesi Edebiyat Fakültesi yayınları ;
		</subfield>
		<subfield code="v">
			no. 552.
		</subfield>
	</datafield>
	<datafield ind1="4" ind2="0" tag="856">
		<subfield code="u">
			http://hdl.handle.net/2333.1/fqz615pn
		</subfield>
	</datafield>
	<datafield ind1=" " ind2=" " tag="959">
		<subfield code="a">
			NNU
		</subfield>
		<subfield code="b">
			WEB
		</subfield>
		<subfield code="c">
			GENI
		</subfield>
		<subfield code="t">
			0
		</subfield>
		<subfield code="m">
			Electronic access
		</subfield>
		<subfield code="s">
			01
		</subfield>
	</datafield>
	<datafield ind1=" " ind2=" " tag="999">
		<subfield code="i">
			NNU_002657162
		</subfield>
		<subfield code="s">
			nyu_aco001622:v.1
		</subfield>
		<subfield code="s">
			nyu_aco001623:v.2
		</subfield>
		<subfield code="e">
			(ERROR-880)
		</subfield>
	</datafield>
</record>
